% IMPORTANT: for all online references, be sure to specify the full URL *and*
% the access date!

@manual{intel2019man,
  author = {{Intel Corporation}},
  title = {{Intel} 64 and {IA-32} Architectures Software Developer's Manual},
  year = {2019},
  month = oct,
  volume = {1, 2, 3, 4},
  note = {\url{https://intel.com/sdm},
   accessed 2020-02-17}
}
